@misc{fda:stJudesMedicalDevices,
	author = {{U.S. Food \& Drug Administration}},
	title  = {Cybersecurity Vulnerabilities Identified in St. Jude Medical's Implantable Cardiac Devices and Merlie@home Transmitter: FDA Safety Communication},
	year   = {2017},
	url    = {https://wayback.archive-it.org/7993/20201222110135/https://www.fda.gov/medical-devices/safety-communications/cybersecurity-vulnerabilities-identified-st-jude-medicals-implantable-cardiac-devices-and-merlinhome},
	note   = {[Accessed 04-July-2023]}
}

@misc{github:usbAudioExperiments,
	author = {{Josef Utbult}},
	title  = {USB Audio Experiments},
	year   = {2023},
	url    = {https://github.com/JosefUtbult/USB-Audio-Tests},
	note   = {[Github repository for experiments made during this master thesis]}
}


